2950 4267
218 276 285 345 264
525 292 750 343 oonmnonsn
772 294 966 346 mousom.

582 750 775 822 besson
809 751 909 821 0x1.

295 952 566 1010 conn1u1ousn
589 924 816 1009 snusuucus‘
838 951 1033 1009 macnus
1057 952 1196 1011 nonan.

261 1129 329 1195 64&
359 1125 465 1192 Model
480 1135 637 1193 sentence:

239 1290 283 1347 81
298 1291 409 1356 adsit,
426 1297 498 1357 bene
514 1292 578 1347 sit.
611 1297 700 1353 lfao
712 1297 831 1346 smus
842 1298 1037 1357 umam,
1048 1289 1196 1346 tamn
1207 1298 1245 1345 oo

647 1380 724 1441 well.

259 1543 326 1609 64⁷.
368 1542 399 1608 1.
431 1542 464 1607 Si
484 1543 650 1608 exercitum
667 1548 752 1607 trans
771 1542 886 1607 flumen
906 1541 1009 1619 ducat,
1024 1541 1127 1605 hostes
1141 1541 1271 1625 fugiant.

370 1646 401 1709 2.
432 1644 466 1708 Si
488 1644 562 1708 urbs
584 1644 730 1729 capiatur,
747 1642 895 1729 templum
916 1652 934 1706 a
956 1640 1105 1705 militibus
1125 1640 1271 1705 deleatur.

370 1745 401 1810 3.
433 1743 465 1808 Si
488 1744 691 1829 cxpldratcrcs
711 1742 808 1806 hostis
827 1741 960 1820 videant,
975 1741 1120 1804 citissime
1140 1739 1272 1804 redeant.

370 1845 403 1910 4.
434 1843 467 1907 δ’]
489 1842 627 1907 Helvetii
651 1851 668 1907 ὁ
690 1842 807 1906 linibus
829 1849 945 1919 exeant,
961 1839 1127 1928 prohibeat.
1260 1898 1262 1901 ⁴

370 1944 402 2010 ὅ.
433 1943 466 2007 81
489 1944 589 2008 Aedui
609 1940 727 2028 legatos
749 1941 789 2007 ad
809 1941 966 2006 Caesarem
985 1948 1116 2019 mittent,
1129 1942 1272 2030 impetre-

479 2039 580 2107 bunt.¹

370 2144 402 2209 6.
431 2140 471 2207 Id
493 2151 519 2207 si
540 2142 608 2222 fiet,
628 2152 741 2230 magud
760 2166 830 2208 cum
853 2142 988 2230 periculf)
1007 2145 1182 2231 provinciae
1203 2143 1271 2211 erit.

371 2243 403 2309 7.
432 2242 533 2307 Aedui
559 2251 585 2309 si
612 2252 644 2309 sd
669 2244 827 2309 defendere
853 2253 914 2308 non
939 2246 1066 2331 possint,
1090 2243 1207 2330 legates
1232 2243 1273 2309 ad

479 2342 634 2408 Caesarem
657 2351 781 2408 mittant
803 2353 945 2428 rogatum
968 2344 1125 2409 auxilium.

370 2442 403 2510 8.
433 2441 467 2509 Si
493 2443 594 2508 hostes
619 2442 737 2507 Caesari
761 2442 882 2507 obsides
904 2443 986 2523 dent,
1009 2453 1113 2531 pacem
1135 2452 1272 2509 cumeis

479 2543 579 2609 faciat.

369 2644 402 2710 9.
432 2642 465 2707 Si
481 2642 624 2709 Germani
639 2644 781 2711 Rhenum
798 2644 984 2723 transibunt,
999 2643 1154 2710 Caesario
1167 2654 1271 2710 edrum

478 2742 552 2807 finis
567 2744 736 2809 contendet.

349 2840 402 2907 10.
431 2838 549 2919 Caesar,
565 2849 591 2905 si
619 2840 753 2907 Helvetii
780 2843 895 2907 AeduIs
921 2841 1037 2908 bellum
1061 2843 1203 2921 inferant,
1219 2852 1270 2908 eos

478 2949 534 3028 pn'i
556 2941 696 3007 hostibus
719 2942 838 3009 habeat.

260 3108 327 3171 648.
357 3103 470 3170 Runa:
495 3104 535 3209 In
559 3126 577 3167 a
599 3102 658 3167 less
674 3104 758 3169 vivid
782 3106 884 3169 future
909 3103 1095 3168 conditional
1119 3110 1269 3181 sentence,

217 3224 314 3289 which
328 3223 445 3310 implies
465 3222 573 3303 doubt,
588 3224 639 3289 the
654 3226 781 3289 Present
796 3223 995 3311 Subjunctive
1016 3225 1043 3289 is
1058 3222 1134 3290 used
1146 3222 1180 3289 iu
1193 3222 1270 3289 both

217 3345 267 3409 the
281 3344 438 3410 condition
451 3345 512 3410 and
526 3345 578 3410 the
591 3343 790 3411 conclusion.¹

260 3514 326 3579 649.
370 3513 399 3577 l.
430 3510 464 3577 If
482 3534 545 3626 you
567 3513 651 3653 wlrite
672 3511 725 3577 the
746 3510 845 3592 letter,
868 3511 886 3577 I
910 3512 970 3577 will
995 3512 1067 3577 take
1089 3511 1115 3577 it
1136 3519 1170 3578 to
1191 3534 1269 3599 your

370 3717 400 3779 2.
430 3711 464 3777 If
479 3613 652 3777 fazffllspwn
685 3711 796 3777 should
826 3712 864 3777 be
896 3711 987 3776 taken
1020 3711 1061 3799 by
1087 3720 1192 3793 storin,
1215 3713 1269 3778 the

477 3812 600 3876 citizens
622 3812 723 3877 would
746 3811 784 3876 be
806 3819 917 3898 putto
940 3812 1039 3879 death.
