2950 4267
618 240 910 289 rnrnenoorrrvns.
934 260 938 269 ,
1226 224 1291 295 147

279 412 347 479 410.
390 413 419 479 1.
451 412 529 495 Quis
549 411 651 477 filiam
670 412 860 499 Orgetorigis
878 414 911 480 in
933 415 1157 482 metrimdnium
1176 416 1291 483 duxit?

389 522 419 583 9.
449 517 505 581 Cui
519 516 682 603 Orgetorix
693 517 795 583 filiam
806 542 893 584 suem
902 520 933 584 in
945 520 1171 584 mttrimonium
1182 520 1290 585 dedit?

388 624 418 687 3.
449 620 534 701 Quae
557 622 696 686 civitates
719 622 836 688 Galliae
859 631 946 688 novis
969 623 1058 689 rebus
1080 623 1269 690 studebant?

386 728 418 791 4.
449 724 527 805 Quis
549 725 607 791 hoc
630 749 706 812 opus
730 727 889 813 perficiet?

387 828 417 894 5.
448 827 547 910 Quem
568 829 698 916 Delphis
720 830 851 896 vidisti?

387 936 416 999 6.
449 932 526 1015 Quis
548 941 595 999 est
616 933 691 1001 hin?
736 936 799 1017 Qui
823 945 895 1002 sunt
916 938 989 1003 illi?

386 1039 416 1104 7.
447 1037 548 1118 Quam
570 1036 611 1105 ob
634 1062 697 1105 rem
719 1040 828 1106 Caesar
851 1042 883 1106 id
906 1043 1053 1128 oppidum
1076 1038 1235 1109 munivit?

364 1128 367 1143 ⁸
385 1142 415 1207 8.
447 1141 551 1222 Qutrd
573 1141 637 1209 dux
658 1144 771 1210 milites
793 1144 960 1233 oulpdbat?

386 1250 415 1311 9.
446 1245 486 1311 In
508 1247 620 1333 quibus
642 1248 753 1314 Caesar
773 1272 858 1337 spem
880 1251 1023 1335 posuit?-

364 1348 415 1413 10.
445 1348 532 1429 Quae
554 1349 665 1437 oppidu
686 1349 797 1418 Caesar
817 1351 1033 1438 expugnavit?

273 1510 340 1577 429
384 1511 413 1577 1.
443 1510 528 1576 Who
549 1510 599 1577 led
619 1510 755 1576 Caesar's
776 1514 873 1577 fortes
894 1511 960 1579 into
983 1512 1091 1579 Gaul?

384 1618 415 1682 2.
447 1614 542 1681 What
563 1613 659 1681 battle
681 1616 740 1681 had
763 1616 874 1681 Caesar
895 1617 986 1682 heard
1009 1617 1064 1682 of?

385 1722 416 1787 3.
446 1718 561 1785 Whom
589 1718 649 1785 had
675 1720 728 1785 the
760 1720 936 1786 Helvetians
965 1726 1032 1786 sent
1060 1728 1094 1787 to
1122 1721 1219 1788 Rome
1250 1744 1287 1789 as

491 1822 574 1887 chief
593 1823 628 1890 of
648 1824 701 1889 the
723 1823 886 1911 embassy?

384 1929 416 1995 4.
446 1925 542 1992 What
563 1926 680 2012 legions
703 1927 758 1993 did
779 1927 888 1993 Caesar
909 1927 983 1993 send
1006 1928 1070 1993 into
1094 1928 1199 1995 Gaul?

385 2034 415 2098 ὅ.
447 2030 558 2096 Where
580 2054 640 2096 was
663 2030 714 2097 the
736 2030 832 2118 depth
854 2032 889 2096 of
908 2031 960 2097 the
982 2033 1062 2097 river
1084 2030 1182 2096 least?

384 2136 415 2202 6.
446 2134 541 2201 What
563 2134 690 2201 soldiers
705 2135 769 2200 will
791 2136 890 2221 guard
909 2136 961 2200 the
982 2159 1069 2220 camp
1084 2134 1289 2202 to-morrotr?

385 2241 415 2308 7.
445 2240 489 2305 To
515 2241 616 2305 whom
641 2240 695 2305 did
723 2240 833 2305 Caesar
858 2240 971 2325 given
997 2260 1124 2326 passage
1150 2238 1284 2327 through

491 2344 543 2410 the
566 2344 732 2431 province?

384 2450 415 2516 8.
445 2447 559 2514 Whom
581 2448 635 2514 did
657 2448 766 2513 Caesar
787 2447 911 2533 marry?

383 2555 414 2620 9.
445 2553 575 2637 Agrinst
611 2552 675 2637 (io)
709 2553 808 2618 whom
837 2551 892 2617 did
928 2550 1033 2617 Cicero
1070 2551 1183 2619 deliver
1216 2553 1285 2620 ionr

490 2658 609 2723 famous
632 2666 697 2721 orat
685 2658 789 2722 tions?

363 2763 415 2827 10.
444 2760 528 2827 Who
551 2760 688 2827 defeated
711 2761 763 2826 the
786 2760 914 2827 Gaulo
904 2783 938 2826 m
960 2781 1050 2846 many
1073 2757 1209 2825 boteler?

268 2919 338 2983 421·
643 2951 879 3004 vocnrumuu

268 3082 303 3134 in
314 3083 547 3135 matrimonium
561 3084 643 3142 dare,
658 3074 727 3155 give
742 3076 776 3135 in
791 3072 954 3152 marriage.

267 3180 302 3232 in
315 3181 546 3232 matrimonium
561 3180 684 3241 ducere,
700 3192 817 3249 merop.

268 3290 380 3339 novus,
396 3292 488 3339 nova,
503 3291 630 3340 novum,
644 3273 710 3345 adj.,
725 3290 798 3329 new.

269 3376 419 3441 per-ficto,
434 3376 592 3439 perficere,
608 3375 735 3439 perstet,
750 3375 935 3437 perfectum,
943 3366 1056 3443 finiet,
1071 3364 1263 3443 aeeompltssslt.

269 3475 332 3537 qut,
348 3486 438 3536 quas,
454 3473 549 3535 quod,
563 3468 690 3538 interrog.
704 3466 769 3538 adj„
785 3462 894 3538 which,
909 3465 1003 3523 what.

270 3570 349 3631 quis,
365 3582 455 3632 quae,
470 3569 556 3632 quid,
572 3564 700 3635 interrog.
714 3581 802 3635 pron,
817 3562 911 3619 who?
932 3558 1060 3619 which?
1079 3556 1191 3619 what?

268 3665 392 3726 studeo,
407 3666 545 3727 studtre,
560 3665 677 3726 studuI,
693 3690 782 3725 —-,
798 3658 904 3731 desire,
920 3657 953 3716 be
967 3658 1128 3734 eaperfor.

269 3763 392 3826 supero,
407 3766 562 3826 superare,
578 3764 734 3825 superant,
751 3764 940 3825 superatum,
957 3755 1068 3831 defeat,
1082 3772 1220 3829 conquer.
