2950 4267
557 278 722 328 mutus
744 278 909 327 Paonouu.

532 786 724 857 Lussou
752 787 930 858 LXXIX.

470 984 718 1043 BELATIVE
753 986 994 1045 PRONOUN.

245 1162 314 1228 473.
343 1158 527 1227 Dealension
541 1160 576 1226 of
588 1166 652 1243 qut,
667 1162 743 1241 who,
758 1160 877 1228 which:

466 1319 542 1373 Sum.
975 1320 1060 1374 Pnur.

348 1417 408 1460 ltus
479 1418 538 1461 Μ.
615 1418 679 1460 Noua
814 1419 877 1460 liare.
965 1420 1022 1461 m
1117 1421 1181 1462 fleat.

202 1485 293 1553 Norr.
338 1494 393 1575 qui
471 1510 547 1573 quae
604 1487 687 1574 quod
820 1496 874 1574 qui
965 1510 1042 1573 quae
1108 1511 1185 1573 quae

203 1590 288 1657 Guu.
337 1591 426 1657 cuius
469 1591 558 1657 auius
602 1591 690 1657 euius
818 1601 949 1679 qutrum
964 1602 1092 1678 quarum
1108 1601 1236 1679 qufrrum

155 1727 157 1731 ·
202 1692 284 1761 Dur.
337 1694 389 1759 eui
469 1696 517 1760 eui
602 1696 652 1761 eui
819 1695 931 1781 quibus
965 1694 1076 1780 quibus
1110 1696 1222 1782 quibus

203 1798 281 1865 Aoo.
337 1820 428 1884 quem
469 1822 560 1886 quam
602 1798 685 1886 quod
818 1808 895 1884 qubs
963 1809 1039 1885 quts
1108 1822 1185 1885 quae

204 1904 283 1969 Aul..
339 1911 401 1991 qut
470 1913 533 1991 qut
602 1912 662 1991 qut
818 1902 931 1991 quibus
965 1902 1222 1990 quibusquibus

245 2117 314 2184 4⁷4
356 2118 387 2183 1.
415 2116 483 2183 Tris
506 2114 641 2202 legibnes
661 2138 737 2202 quae
761 2114 873 2180 eiraum
890 2114 1063 2200 Aquileiam
1085 2113 1257 2181 hiemtbant

464 2244 503 2286 ex
524 2221 660 2285 hibernis
682 2220 795 2285 educit.

355 2330 387 2392 2.
416 2324 494 2391 Cum
525 2332 671 2412 quattuor
695 2323 868 2409 legiauibus
898 2332 973 2410 quts
998 2330 1101 2388 seeum
1128 2322 1258 2389 habebut

464 2432 497 2498 in
520 2440 618 2498 eastra
640 2432 816 2497 mtturavit.

355 2540 386 2604 8.
419 2536 509 2619 Quod
532 2543 620 2607 uocet
643 2558 729 2622 saepe
751 2536 849 2602 docet.

354 2642 387 2708 4.
417 2639 528 2727 Belgae
543 2642 673 2728 proximi
691 2648 763 2705 sunt
774 2639 935 2705 Germanis
950 2648 1005 2728 qut
1019 2647 1104 2705 trans
1115 2639 1257 2705 Rhenum

464 2745 613 2823 ineolunt,
630 2744 811 2831 quibuscum
828 2766 915 2830 saepe
930 2743 1045 2810 bellum
1060 2750 1179 2830 gerunt.

346 2852 377 2916 5.
408 2848 556 2928 Uestinus,
572 2848 661 2915 eutius
680 2856 767 2935 pater
787 2856 915 2932 regnum
930 2847 962 2911 iu
978 2848 1125 2933 Sequanis
1144 2849 1257 2913 multbs

463 2963 557 3019 annes
577 2953 761 3030 obtinuerat,
777 2952 874 3017 filiam
891 2950 1082 3037 Orgetorigis
1096 2952 1129 3016 iu
1151 2952 1256 3016 matri-

462 3058 600 3125 mtmium
622 3058 720 3124 duxit.

354 3166 386 3231 6.
414 3162 525 3231 Caesar
546 3172 582 3228 et
603 3161 732 3248 legibue,
748 3184 839 3246 quam
862 3167 966 3226 seeum
988 3158 1128 3240 habebat,
1151 3160 1256 3225 militi-

463 3267 581 3354 busque
603 3274 656 3352 qui
680 3289 717 3330 ex
740 3266 895 3351 provincia
919 3272 1129 3343 couvenerant,
1148 3275 1167 3329 t
1189 3264 1257 3329 lacu

463 3371 628 3449 lemannt,
643 3378 697 3456 qui
712 3370 745 3433 iu
760 3368 874 3433 flumen
892 3368 1073 3433 Rhodanum
1091 3369 1203 3448 influit,
1218 3368 1257 3433 ed

461 3481 597 3540 montem
631 3474 748 3552 Iuram,
778 3480 832 3558 qui
866 3473 941 3537 finis
977 3472 1185 3558 Siquanbrum
1218 3472 1257 3538 ab

465 3578 617 3645 Helvetiis
628 3578 750 3655 dividit,
761 3586 884 3641 murum
898 3576 931 3642 in
942 3575 1134 3642 altitudinem
1146 3576 1257 3665 pedum

463 3684 595 3751 sedecim
609 3682 757 3769 perdircit.

358 3791 387 3856 7.
417 3790 463 3855 Iis
486 3797 539 3876 qui
561 3795 651 3853 uovIs
673 3784 765 3851 rebus
787 3784 950 3851 studebant
972 3784 1060 3851 feeile
1082 3786 1242 3872 persuasit.
